<record><leader>00000cas a2200000 a 4500</leader><controlfield tag="001">25356200</controlfield><controlfield tag="008">920227d19uu1977iluwr ne      0   a0eng c</controlfield><datafield ind1=" " ind2=" " tag="010"><subfield code="a">sn 92054470 </subfield></datafield><datafield ind1=" " ind2=" " tag="040"><subfield code="a">NVF</subfield><subfield code="b">eng</subfield><subfield code="c">NVF</subfield><subfield code="d">OCLCQ</subfield><subfield code="d">NVF</subfield><subfield code="d">OCLCQ</subfield><subfield code="d">NVF</subfield><subfield code="d">OCLCO</subfield><subfield code="d">OCLCF</subfield></datafield><datafield ind1="1" ind2=" " tag="029"><subfield code="a">AU@</subfield><subfield code="b">000020699069</subfield></datafield><datafield ind1=" " ind2=" " tag="042"><subfield code="a">pcc</subfield></datafield><datafield ind1=" " ind2=" " tag="043"><subfield code="a">n-us-il</subfield></datafield><datafield ind1="0" ind2="4" tag="245"><subfield code="a">The St. Elmo banner.</subfield></datafield><datafield ind1="1" ind2="7" tag="246"><subfield code="a">St. Elmo Illinois banner</subfield><subfield code="f">&lt;Sept. 6, 1946&gt;-Apr. 4, 1973</subfield></datafield><datafield ind1="3" ind2=" " tag="246"><subfield code="a">Saint Elmo banner</subfield></datafield><datafield ind1="3" ind2="0" tag="246"><subfield code="a">Saint Elmo Illinois banner</subfield></datafield><datafield ind1=" " ind2=" " tag="260"><subfield code="a">St. Elmo, Fayette County, Ill. :</subfield><subfield code="b">Everett H. Smith,</subfield><subfield code="c">-1977.</subfield></datafield><datafield ind1=" " ind2=" " tag="300"><subfield code="a">volumes</subfield></datafield><datafield ind1=" " ind2=" " tag="310"><subfield code="a">Weekly</subfield></datafield><datafield ind1="0" ind2=" " tag="362"><subfield code="a">-May 18, 1977.</subfield></datafield><datafield ind1=" " ind2=" " tag="588"><subfield code="a">Description based on: Vol. 21, no. 36 (Sept. 6, 1946).</subfield></datafield><datafield ind1=" " ind2="0" tag="651"><subfield code="a">Saint Elmo (Ill.)</subfield><subfield code="v">Newspapers.</subfield></datafield><datafield ind1=" " ind2="7" tag="655"><subfield code="a">Newspapers.</subfield><subfield code="2">fast</subfield><subfield code="0">(OCoLC)fst01423814</subfield></datafield><datafield ind1=" " ind2="7" tag="651"><subfield code="a">Illinois</subfield><subfield code="z">Saint Elmo.</subfield><subfield code="2">fast</subfield><subfield code="0">(OCoLC)fst01926162</subfield></datafield><datafield ind1=" " ind2=" " tag="752"><subfield code="a">United States</subfield><subfield code="b">Illinois</subfield><subfield code="c">Fayette County</subfield><subfield code="d">Saint Elmo.</subfield></datafield><datafield ind1="0" ind2="5" tag="780"><subfield code="t">St. Elmo news</subfield></datafield><datafield ind1="0" ind2="0" tag="785"><subfield code="t">Banner (Saint Elmo, Ill.)</subfield><subfield code="w">(DLC)sn 92054471</subfield><subfield code="w">(OCoLC)25356142</subfield></datafield></record>